@online{signal_wikipedia,
title={Signal (software)},
author={Wikipedia},
url={https://en.wikipedia.org/wiki/Signal_(software)},
year={2020},
urldate={2020-04-10}

}

@online{signal_popular,
title={What Is Signal Private Messenger – How to Use the Signal App},
author={David Nield},
url={https://www.popularmechanics.com/technology/apps/a25736/signal-app-guide-how-to-use/},
year={2017},
urldate={2017-03-28}
}


@online{apps_comparation,
title={Signal Messenger App: Tips on Making a Solution for Secure Communication},
author={Olha Anurina},
url={https://mlsdev.com/blog/130-how-to-develop-a-secure-messenger-like-signal?fbclid=IwAR1r770upjy7XgXgqqdX8nMHWo5cW3gxFPkgq96y_MC17-96qMlIhZjN9Xk},
year={2019},
urldate={2019-06-20}
}



@online{Snowden_tweet,
title={Edward Snowden's tweet commending Signal},
author={Edward Snowden},
url={https://twitter.com/Snowden/status/661313394906161152},
year={2015},
urldate={2015-11-02}
}

@online{publico_new,
title={European Commission recommends Signal instead of WhatsApp},
author={Karla Pequenino},
url={https://www.publico.pt/2020/02/26/tecnologia/noticia/comissao-europeia-pede-funcionarios-usarem-app-signal-1905545},
year={2020},
urldate={2020-02-26}
}


@inproceedings{cohn2017formal,
  title={A formal security analysis of the signal messaging protocol},
  author={Cohn-Gordon, Katriel and Cremers, Cas and Dowling, Benjamin and Garratt, Luke and Stebila, Douglas},
  booktitle={2017 IEEE European Symposium on Security and Privacy (EuroS\&P)},
  pages={451--466},
  year={2017},
  organization={IEEE}
}

@online{senate_earn_it,
   title={Graham, Blumenthal, Hawley, Feinstein Introduce EARN IT Act to Encourage Tech Industry to Take Online Child Sexual Exploitation Seriously},
   author={Committee on the Judiciary},
   url={https://www.judiciary.senate.gov/press/rep/releases/graham-blumenthal-hawley-feinstein-introduce-earn-it-act-to-encourage-tech-industry-to-take-online-child-sexual-exploitation-seriously},
   year={2020},
   urldate={2020-04-18}
}

@online{stanford_cis,
   title={The EARN IT Act Is Here. Surprise, It’s Still Bad News.},
   author={Riana Pfefferkorn},
   url={https://cyberlaw.stanford.edu/blog/2020/03/earn-it-act-here-surprise-it%E2%80%99s-still-bad-news},
   year={2020},
   urldate={2020-04-18}
}

@online{sigan_blog_earn_it,
   title={ 230, or not 230? That is the EARN IT question.},
   author={Joshua Lund},
   url={https://signal.org/blog/earn-it/},
   year={2020},
   urldate={2020-04-08}
}

@inproceedings{rosler2018more,
  title={More is less: on the end-to-end security of group chats in signal, whatsapp, and threema},
  author={R{\"o}sler, Paul and Mainka, Christian and Schwenk, J{\"o}rg},
  booktitle={2018 IEEE European Symposium on Security and Privacy (EuroS\&P)},
  pages={415--429},
  year={2018},
  organization={IEEE}
}

@inproceedings{frosch2016secure,
  title={How secure is TextSecure?},
  author={Frosch, Tilman and Mainka, Christian and Bader, Christoph and Bergsma, Florian and Schwenk, J{\"o}rg and Holz, Thorsten},
  booktitle={2016 IEEE European Symposium on Security and Privacy (EuroS\&P)},
  pages={457--472},
  year={2016},
  organization={IEEE}
}

@online{signalDomainFronting,
    author={Moxie Marlinspike},
    title={Looking Back on the Front},
    url={https://Signal.org/blog/looking-back-on-the-front/?fbclid=IwAR2FT_CzFhUpE_SMbELUmfxItpM1I6a59EGVanUNZBGVT1OzYU9ImeF8BsA},
    year={2018},
    urldata={2018-05-01}
}

@online{domainFrontingBlock,
    author={Matt Burges},
    title={This is why Russia's attempts to block Telegram have failed},
    url={https://www.wired.co.uk/article/telegram-in-russia-blocked-web-app-ban-facebook-twitter-google},
    year={2018},
    urldata={2018-04-28}
}

@online{domainFrontingExplained,
    author={Artem Rukavytsia},
    title={Domain Fronting in a nutshell},
    url={https://hackernoon.com/domain-fronting-in-a-nutshell-159e21bf23a4},
    year={2019},
    urldata={2019-07-08}
}

@online{noSignal,
    author={Farid Farid},
    title={No Signal: Egypt blocks the encrypted messaging app as it continues its cyber crackdown},
    url={https://techcrunch.com/2016/12/26/1431709/?guccounter=1&guce_referrer=aHR0cHM6Ly93d3cuZ29vZ2xlLmNvbS8&guce_referrer_sig=AQAAAJHkJtNRFSkF8f1kgdnTd8-tQrb39IQST3LLzAvKklVbEpceG6tt-NTtg5BcPu6MBF8BBM6reyCtQhXCtz5boOhpgu2K78exneq_B1L8S9Fa-ImS-C86W91MbSvppVzgPRuTDFxRQuAvSKWFXPXZnO-RwiGrB-YtsjFdkzpkmST3},
    year={2016},
    urldata={2016-12-26}
}

@online{politicsSignal,
    author={Laurens Cerulus},
    title={EU Commission to staff: Switch to Signal messaging app},
    url={https://www.politico.eu/article/eu-commission-to-staff-switch-to-signal-messaging-app/},
    year={2020},
    urldata={2020-02-20}
}

@online{signal,
    author={Signal organization},
    title={Signal protocol information},
    url={https://signal.org},
}

% images
@online{OSI,
    author={Ian Ames},
    title={The OSI Model},
    url={https://medium.com/software-engineering-roundup/the-osi-model-87e5adf35e10},
    year={2019},
    urldata={2019-01-29}
}

@online{df,
    author={Pierluigi Paganini},
    title={APT29 group used domain fronting to evade detection long before these techniques were widely known},
    url={https://securityaffairs.co/wordpress/57456/apt/apt29-group-domain-fronting.html},
    year={2017},
    urldata={2017-04-28}
}

@online{signal_amazon_letter,
    author={Moxie Marlinspike},
    title={A letter from Amazon},
    url={https://signal.org/blog/looking-back-on-the-front/},
    year={2018},
    urldata={2018-05-01}
}

@online{other_apps_statistics,
    author={Nsoor Iqbal},
    title={WhatsApp Revenue and Usage Statistics (2020)},
    url={https://www.businessofapps.com/data/whatsapp-statistics/},
    year={2020},
    urldata={2020-03-24}
}
